%% This BibTeX bibliography file was created using BibDesk.
%% http://bibdesk.sourceforge.net/


%% Created for Leon Bentrup at 2015-01-31 00:38:09 +0100


%% Saved with string encoding Unicode (UTF-8)



@webpage{ted_flynn,
	Author = {James R. Flynn},
	Date-Added = {2015-01-30 22:18:43 +0000},
	Date-Modified = {2015-01-30 22:20:48 +0000},
	Lastchecked = {30.01.2015},
	Title = {TED Talk: Why our IQ levels are higher than our grandparents'},
	Url = {https://www.youtube.com/watch?v=9vpqilhW9uI},
	Year = {2013}}

@book{flynn,
	Author = {James R. Flynn},
	Date-Added = {2015-01-30 22:11:10 +0000},
	Date-Modified = {2015-01-30 22:13:12 +0000},
	Publisher = {Cambridge University Press},
	Title = {What is Intelligence?: Beyond the Flynn Effect},
	Year = {2009}}

@webpage{wiki_hg,
	Date-Added = {2015-01-02 15:02:43 +0000},
	Date-Modified = {2015-01-02 15:08:07 +0000},
	Lastchecked = {02.01.2015},
	Title = {Howard Gardner - Wikipedia},
	Url = {https://de.wikipedia.org/wiki/Howard_Gardner},
	Bdsk-Url-1 = {https://de.wikipedia.org/wiki/Howard_Gardner}}

@techreport{theory_mi,
	Author = {Katie Davis, Joanna Christodoulou, Scott Seider, Howard Gardner},
	Date-Added = {2015-01-02 14:56:11 +0000},
	Date-Modified = {2015-01-02 15:00:22 +0000},
	Institution = {Harvard University},
	Title = {The Theory of Multiple Intelligences},
	Year = {2012},
	Bdsk-Url-1 = {http://howardgardner01.files.wordpress.com/2012/06/443-davis-christodoulou-seider-mi-article.pdf}}

@webpage{yt_crash,
	Date-Added = {2014-12-23 15:02:57 +0000},
	Date-Modified = {2014-12-23 15:03:29 +0000},
	Lastchecked = {23.12.2014},
	Title = {Controversy of Intelligence- Crash Course Psychology #23 - YouTube},
	Url = {https://www.youtube.com/watch?v=9xTz3QjcloI},
	Bdsk-Url-1 = {https://www.youtube.com/watch?v=9xTz3QjcloI}}

@webpage{wiki_gfaktor,
	Date-Added = {2014-12-23 14:43:28 +0000},
	Date-Modified = {2014-12-23 15:02:28 +0000},
	Lastchecked = {23.12.2014},
	Title = {Allgemeiner Faktor der Intelligenz - Wikipedia},
	Url = {http://de.wikipedia.org/wiki/Allgemeiner_Faktor_der_Intelligenz},
	Bdsk-Url-1 = {http://de.wikipedia.org/wiki/Allgemeiner_Faktor_der_Intelligenz}}

@webpage{wiki_intheorie,
	Date-Added = {2014-12-23 14:27:38 +0000},
	Date-Modified = {2014-12-23 14:30:40 +0000},
	Lastchecked = {23.12.2014},
	Title = {Intelligenztheorie - Wikipedia},
	Url = {http://de.wikipedia.org/wiki/Intelligenztheorie},
	Bdsk-Url-1 = {http://de.wikipedia.org/wiki/Intelligenztheorie}}

@webpage{wiki_spearman,
	Date-Added = {2014-12-23 12:58:48 +0000},
	Date-Modified = {2014-12-23 14:29:26 +0000},
	Lastchecked = {23.12.2014},
	Read = {1},
	Title = {Charles Spearman - Wikipedia},
	Url = {http://de.wikipedia.org/wiki/Charles_Spearman},
	Bdsk-Url-1 = {http://de.wikipedia.org/wiki/Charles_Spearman}}

@webpage{wiki_en_spearman,
	Date-Added = {2014-12-23 12:58:48 +0000},
	Date-Modified = {2014-12-23 14:29:26 +0000},
	Lastchecked = {25.01.2015},
	Read = {1},
	Title = {Charles Spearman - Wikipedia},
	Url = {http://en.wikipedia.org/wiki/Charles_Spearman},
	Bdsk-Url-1 = {http://en.wikipedia.org/wiki/Charles_Spearman}}

@webpage{wiki_img_iq,
	Date-Added = {2014-12-23 12:58:48 +0000},
	Date-Modified = {2014-12-23 14:29:26 +0000},
	Lastchecked = {01.02.2015},
	Read = {1},
	Url = {http://upload.wikimedia.org/wikipedia/commons/thumb/3/39/IQ_distribution.svg/2000px-IQ_distribution.svg.png}}


@webpage{galton_spearman,
	Date-Added = {2014-12-23 12:58:48 +0000},
	Date-Modified = {2014-12-23 14:29:26 +0000},
	Lastchecked = {25.01.2015},
	Read = {1},
	Title = {Charles Spearman},
	Url = {http://www.galtoninstitute.org.uk/Newsletters/GINL0003/charles_spearman.htm},
	Bdsk-Url-1 = {http://www.galtoninstitute.org.uk/Newsletters/GINL0003/charles_spearman.htm}}

@webpage{york_spearman,
	Date-Added = {2014-12-23 12:58:48 +0000},
	Date-Modified = {2014-12-23 14:29:26 +0000},
	Lastchecked = {25.01.2015},
	Read = {1},
	Title = {Charles Spearman},
	Url = {http://www.york.ac.uk/depts/maths/histstat/spearman_biog.htm},
	Bdsk-Url-1 = {http://www.york.ac.uk/depts/maths/histstat/spearman_biog.htm}}

@article{geok15,
	Author = {Martin Paetsch},
	Journal = {Geo kompakt},
	Pages = {20--25},
	Title = {Was ist Intelligenz?},
	Volume = {15},
	Year = {2008}}
